<?xml version="1.0" encoding="UTF-8"?><collection xmlns="http://www.loc.gov/MARC21/slim"><record><leader>00550nam--2200193-i-4500</leader><controlfield tag="001">000006411</controlfield><controlfield tag="002">20161230</controlfield><controlfield tag="005">20161230201026</controlfield><controlfield tag="008">060222s1000------------r-----000-0-eng-d</controlfield><datafield ind1=" " ind2=" " tag="040"><subfield code="a">IFIN-HH</subfield></datafield><datafield ind1=" " ind2=" " tag="080"><subfield code="a">532.13.08</subfield></datafield><datafield ind1="1" ind2=" " tag="100"><subfield code="a">Dinsdale, A</subfield></datafield><datafield ind1="1" ind2="0" tag="245"><subfield code="a">Viscosity and its measurement</subfield><subfield code="c">A. Dinasdale, F. Moore</subfield></datafield><datafield ind1=" " ind2=" " tag="260"><subfield code="a">London, Chapman And Hall Ltd., 1962</subfield></datafield><datafield ind1=" " ind2=" " tag="300"><subfield code="a">67P</subfield></datafield><datafield ind1=" " ind2=" " tag="490"><subfield code="a">The Institute of Physics and the Physical Society. Monographs for Students</subfield></datafield><datafield ind1="1" ind2=" " tag="700"><subfield code="a">Moore, F</subfield></datafield><datafield ind1=" " ind2=" " tag="852"><subfield code="a">19027</subfield><subfield code="c">532</subfield></datafield><datafield ind1=" " ind2=" " tag="CAT"><subfield code="a">Sys</subfield><subfield code="c">20100713</subfield><subfield code="h">141541</subfield></datafield></record></collection>